@misc{korinek2017polish,
    title={{Polish Read Speech Corpus for Speech Tools and Services}},
    author={Danijel Koržinek and Krzysztof Marasek and Łukasz Brocki and Krzysztof Wołk},
    year={2017},
    eprint={1706.00245},
    archivePrefix={arXiv},
    primaryClass={cs.CL}
}

@InProceedings{milkowskisrx,
author="Mi{\l}kowski, Marcin
and Lipski, Jaros{\l}aw",
editor="Vetulani, Zygmunt",
title={{Using SRX Standard for Sentence Segmentation}},
booktitle={{Human Language Technology. Challenges for Computer Science and Linguistics}},
year="2011",
publisher="Springer Berlin Heidelberg",
address="Berlin, Heidelberg",
pages="172--182",
doi="10.1007/978-3-642-20095-3_16",
isbn="978-3-642-20095-3"
}
@inproceedings{Smit2017,
  author={Peter Smit and Sami Virpioja and Mikko Kurimo},
  title={{Improved Subword Modeling for WFST-Based Speech Recognition}},
  year=2017,
  booktitle={Proc. Interspeech 2017},
  pages={2551--2555},
  doi={10.21437/Interspeech.2017-103},
  url={http://dx.doi.org/10.21437/Interspeech.2017-103}
}
@article{Zygado2019TowardsCA,
  title={{Towards Creating a Speech Corpus for Polish Using Public Domain Audiobooks}},
  author={Artur Zygadło and Artur Janicki},
  journal={2019 Signal Processing Symposium (SPSympo)},
  year={2019},
  doi={10.1109/SPS.2019.8881960},
  pages={246-250}
}

@inproceedings{panayotov2015,
    author={Panayotov, Vassil and Chen, Guoguo and Povey, Daniel and Khudanpur, Sanjeev},
    title={{Librispeech: An ASR corpus based on public domain audio books}},
    DOI={10.1109/ICASSP.2015.7178964},
    booktitle={2015 IEEE International Conference on Acoustics, Speech and Signal Processing (ICASSP)},
    publisher={IEEE},
    year={2015},
    month={Apr},
    pages={5206–5210},
    place={South Brisbane, Queensland, Australia},
}

@incollection{ethnologue2019,
  title = {Irish},
  booktitle = {Ethnologue: Languages of the World},
  year = {2019},
  edition = {22nd},
  editor = {M. Paul Lewis},
  address = {Dallas, TX, USA},
  publisher = {SIL International},
}

@misc{bunreacht,
  title  = {{Bunreacht na h\'Eireann = Constitution of Ireland}},
  year   = {1937},
  author = {Ireland}, 
  note   = {last amended January 2020\newline\url{http://www.irishstatutebook.ie/eli/cons/en/html}},
  accessed = "2021-06-15",
}

@book{ogiollagain2007,
  title = {{Comprehensive Linguistic Study of the Use of Irish in the Gaeltacht: Principal Findings and Recommendations}},
  author = {\'O~Giollag\'ain, Conch\'ur and Mac~Donnacha, Seosamh and N\'i~Chual\'ain, Fiona and N\'i~Sh\'eaghdha, Aoife and O'Brien, Mary},
  year = {2007},
  isbn = "0-7557-7334-9",
}

@book{osiadhail1980,
  author = {\'O~Siadhail, M\'iche\'al},
  title = {Learning Irish},
  year = {1980},
  publisher = {Dublin Institute for Advanced Studies}
}

@inproceedings{baker1992,
    title = "The Design for the {W}all {S}treet {J}ournal-based {CSR} Corpus",
    author = "Paul, Douglas B.  and
      Baker, Janet M.",
    booktitle = "Speech and Natural Language: Proceedings of a Workshop Held at Harriman, New York, {F}ebruary 23-26, 1992",
    year = "1992",
    url = "https://www.aclweb.org/anthology/H92-1073",
}

@misc{baevski2020wav2vec,
      title={{wav2vec 2.0: A Framework for Self-Supervised Learning of Speech Representations}}, 
      author={Alexei Baevski and Henry Zhou and Abdelrahman Mohamed and Michael Auli},
      year={2020},
      eprint={2006.11477},
      archivePrefix={arXiv},
      primaryClass={cs.CL}
}

@misc{baevski2021unsupervised,
      title={Unsupervised Speech Recognition}, 
      author={Alexei Baevski and Wei-Ning Hsu and Alexis Conneau and Michael Auli},
      year={2021},
      eprint={2105.11084},
      archivePrefix={arXiv},
      primaryClass={cs.CL}
}

@misc{conneau2020unsupervised,
      title={Unsupervised Cross-lingual Representation Learning for Speech Recognition}, 
      author={Alexis Conneau and Alexei Baevski and Ronan Collobert and Abdelrahman Mohamed and Michael Auli},
      year={2020},
      eprint={2006.13979},
      archivePrefix={arXiv},
      primaryClass={cs.CL}
}

@misc{devlin2019bert,
      title={BERT: Pre-training of Deep Bidirectional Transformers for Language Understanding}, 
      author={Jacob Devlin and Ming-Wei Chang and Kenton Lee and Kristina Toutanova},
      year={2019},
      eprint={1810.04805},
      archivePrefix={arXiv},
      primaryClass={cs.CL}
}

@inproceedings{ardila-etal-2020-common,
    title = {{Common Voice: A Massively-Multilingual Speech Corpus}},
    author = "Ardila, Rosana  and
      Branson, Megan  and
      Davis, Kelly  and
      Kohler, Michael  and
      Meyer, Josh  and
      Henretty, Michael  and
      Morais, Reuben  and
      Saunders, Lindsay  and
      Tyers, Francis  and
      Weber, Gregor",
    booktitle = "Proceedings of the 12th Language Resources and Evaluation Conference",
    month = may,
    year = "2020",
    address = "Marseille, France",
    publisher = "European Language Resources Association",
    pages = "4218--4222",
}

@inproceedings{artetxe-etal-2018-robust,
    title = "A robust self-learning method for fully unsupervised cross-lingual mappings of word embeddings",
    author = "Artetxe, Mikel  and
      Labaka, Gorka  and
      Agirre, Eneko",
    booktitle = "Proceedings of the 56th Annual Meeting of the Association for Computational Linguistics (Volume 1: Long Papers)",
    month = jul,
    year = "2018",
    publisher = "Association for Computational Linguistics",
    doi = "10.18653/v1/P18-1073",
    pages = "789--798",
}

@misc{karpathy2015deep,
      title={{Deep Visual-Semantic Alignments for Generating Image Descriptions}}, 
      author={Andrej Karpathy and Li Fei-Fei},
      year={2015},
      eprint={1412.2306},
      archivePrefix={arXiv},
      primaryClass={cs.CV}
}

@misc{artetxe2019marginbased,
      title={Margin-based Parallel Corpus Mining with Multilingual Sentence Embeddings}, 
      author={Mikel Artetxe and Holger Schwenk},
      year={2019},
      eprint={1811.01136},
      archivePrefix={arXiv},
      primaryClass={cs.CL}
}

@article{artetxe2019massively,
  title={Massively multilingual sentence embeddings for zero-shot cross-lingual transfer and beyond},
  author={Artetxe, Mikel and Schwenk, Holger},
  journal={Transactions of the Association for Computational Linguistics},
  volume={7},
  pages={597--610},
  year={2019},
  publisher={MIT Press}
}